%YAML 1.1
%TAG !u! tag:unity3d.com,2011:
--- !u!29 &1
OcclusionCullingSettings:
  m_ObjectHideFlags: 0
  serializedVersion: 2
  m_OcclusionBakeSettings:
    smallestOccluder: 5
    smallestHole: 0.25
    backfaceThreshold: 100
  m_SceneGUID: 00000000000000000000000000000000
  m_OcclusionCullingData: {fileID: 0}
--- !u!104 &2
RenderSettings:
  m_ObjectHideFlags: 0
  serializedVersion: 8
  m_Fog: 0
  m_FogColor: {r: 0.5, g: 0.5, b: 0.5, a: 1}
  m_FogMode: 3
  m_FogDensity: 0.01
  m_LinearFogStart: 0
  m_LinearFogEnd: 300
  m_AmbientSkyColor: {r: 0.212, g: 0.227, b: 0.259, a: 1}
  m_AmbientEquatorColor: {r: 0.114, g: 0.125, b: 0.133, a: 1}
  m_AmbientGroundColor: {r: 0.047, g: 0.043, b: 0.035, a: 1}
  m_AmbientIntensity: 1
  m_AmbientMode: 3
  m_SubtractiveShadowColor: {r: 0.42, g: 0.478, b: 0.627, a: 1}
  m_SkyboxMaterial: {fileID: 0}
  m_HaloStrength: 0.5
  m_FlareStrength: 1
  m_FlareFadeSpeed: 3
  m_HaloTexture: {fileID: 0}
  m_SpotCookie: {fileID: 10001, guid: 0000000000000000e000000000000000, type: 0}
  m_DefaultReflectionMode: 0
  m_DefaultReflectionResolution: 128
  m_ReflectionBounces: 1
  m_ReflectionIntensity: 1
  m_CustomReflection: {fileID: 0}
  m_Sun: {fileID: 0}
  m_IndirectSpecularColor: {r: 0, g: 0, b: 0, a: 1}
--- !u!157 &3
LightmapSettings:
  m_ObjectHideFlags: 0
  serializedVersion: 11
  m_GIWorkflowMode: 1
  m_GISettings:
    serializedVersion: 2
    m_BounceScale: 1
    m_IndirectOutputScale: 1
    m_AlbedoBoost: 1
    m_TemporalCoherenceThreshold: 1
    m_EnvironmentLightingMode: 0
    m_EnableBakedLightmaps: 0
    m_EnableRealtimeLightmaps: 0
  m_LightmapEditorSettings:
    serializedVersion: 9
    m_Resolution: 2
    m_BakeResolution: 40
    m_TextureWidth: 1024
    m_TextureHeight: 1024
    m_AO: 0
    m_AOMaxDistance: 1
    m_CompAOExponent: 1
    m_CompAOExponentDirect: 0
    m_Padding: 2
    m_LightmapParameters: {fileID: 0}
    m_LightmapsBakeMode: 1
    m_TextureCompression: 1
    m_FinalGather: 0
    m_FinalGatherFiltering: 1
    m_FinalGatherRayCount: 256
    m_ReflectionCompression: 2
    m_MixedBakeMode: 2
    m_BakeBackend: 0
    m_PVRSampling: 1
    m_PVRDirectSampleCount: 32
    m_PVRSampleCount: 500
    m_PVRBounces: 2
    m_PVRFiltering: 0
    m_PVRFilteringMode: 1
    m_PVRCulling: 1
    m_PVRFilteringGaussRadiusDirect: 1
    m_PVRFilteringGaussRadiusIndirect: 5
    m_PVRFilteringGaussRadiusAO: 2
    m_PVRFilteringAtrousColorSigma: 1
    m_PVRFilteringAtrousNormalSigma: 1
    m_PVRFilteringAtrousPositionSigma: 1
  m_LightingDataAsset: {fileID: 0}
  m_UseShadowmask: 1
--- !u!196 &4
NavMeshSettings:
  serializedVersion: 2
  m_ObjectHideFlags: 0
  m_BuildSettings:
    serializedVersion: 2
    agentTypeID: 0
    agentRadius: 0.5
    agentHeight: 2
    agentSlope: 45
    agentClimb: 0.4
    ledgeDropHeight: 0
    maxJumpAcrossDistance: 0
    minRegionArea: 2
    manualCellSize: 0
    cellSize: 0.16666667
    manualTileSize: 0
    tileSize: 256
    accuratePlacement: 0
  m_NavMeshData: {fileID: 0}
--- !u!1001 &4631164
Prefab:
  m_ObjectHideFlags: 0
  serializedVersion: 2
  m_Modification:
    m_TransformParent: {fileID: 1863909918}
    m_Modifications:
    - target: {fileID: 4054049076584778, guid: dc450ef24c554274d87fed7aa64e7d9e, type: 2}
      propertyPath: m_LocalPosition.x
      value: 99.31
      objectReference: {fileID: 0}
    - target: {fileID: 4054049076584778, guid: dc450ef24c554274d87fed7aa64e7d9e, type: 2}
      propertyPath: m_LocalPosition.y
      value: 8.47
      objectReference: {fileID: 0}
    - target: {fileID: 4054049076584778, guid: dc450ef24c554274d87fed7aa64e7d9e, type: 2}
      propertyPath: m_LocalPosition.z
      value: 0
      objectReference: {fileID: 0}
    - target: {fileID: 4054049076584778, guid: dc450ef24c554274d87fed7aa64e7d9e, type: 2}
      propertyPath: m_LocalRotation.x
      value: -0
      objectReference: {fileID: 0}
    - target: {fileID: 4054049076584778, guid: dc450ef24c554274d87fed7aa64e7d9e, type: 2}
      propertyPath: m_LocalRotation.y
      value: -0
      objectReference: {fileID: 0}
    - target: {fileID: 4054049076584778, guid: dc450ef24c554274d87fed7aa64e7d9e, type: 2}
      propertyPath: m_LocalRotation.z
      value: -0
      objectReference: {fileID: 0}
    - target: {fileID: 4054049076584778, guid: dc450ef24c554274d87fed7aa64e7d9e, type: 2}
      propertyPath: m_LocalRotation.w
      value: 1
      objectReference: {fileID: 0}
    - target: {fileID: 4054049076584778, guid: dc450ef24c554274d87fed7aa64e7d9e, type: 2}
      propertyPath: m_RootOrder
      value: 3
      objectReference: {fileID: 0}
    - target: {fileID: 4054049076584778, guid: dc450ef24c554274d87fed7aa64e7d9e, type: 2}
      propertyPath: m_LocalScale.x
      value: 81.053955
      objectReference: {fileID: 0}
    - target: {fileID: 4054049076584778, guid: dc450ef24c554274d87fed7aa64e7d9e, type: 2}
      propertyPath: m_LocalScale.y
      value: 6.533682
      objectReference: {fileID: 0}
    - target: {fileID: 1662662421229874, guid: dc450ef24c554274d87fed7aa64e7d9e, type: 2}
      propertyPath: m_Name
      value: Wall (7)
      objectReference: {fileID: 0}
    m_RemovedComponents: []
  m_ParentPrefab: {fileID: 100100000, guid: dc450ef24c554274d87fed7aa64e7d9e, type: 2}
  m_IsPrefabParent: 0
--- !u!1001 &13768528
Prefab:
  m_ObjectHideFlags: 0
  serializedVersion: 2
  m_Modification:
    m_TransformParent: {fileID: 1863909918}
    m_Modifications:
    - target: {fileID: 4054049076584778, guid: dc450ef24c554274d87fed7aa64e7d9e, type: 2}
      propertyPath: m_LocalPosition.x
      value: 99.96
      objectReference: {fileID: 0}
    - target: {fileID: 4054049076584778, guid: dc450ef24c554274d87fed7aa64e7d9e, type: 2}
      propertyPath: m_LocalPosition.y
      value: -24.06
      objectReference: {fileID: 0}
    - target: {fileID: 4054049076584778, guid: dc450ef24c554274d87fed7aa64e7d9e, type: 2}
      propertyPath: m_LocalPosition.z
      value: 0
      objectReference: {fileID: 0}
    - target: {fileID: 4054049076584778, guid: dc450ef24c554274d87fed7aa64e7d9e, type: 2}
      propertyPath: m_LocalRotation.x
      value: -0
      objectReference: {fileID: 0}
    - target: {fileID: 4054049076584778, guid: dc450ef24c554274d87fed7aa64e7d9e, type: 2}
      propertyPath: m_LocalRotation.y
      value: -0
      objectReference: {fileID: 0}
    - target: {fileID: 4054049076584778, guid: dc450ef24c554274d87fed7aa64e7d9e, type: 2}
      propertyPath: m_LocalRotation.z
      value: -0
      objectReference: {fileID: 0}
    - target: {fileID: 4054049076584778, guid: dc450ef24c554274d87fed7aa64e7d9e, type: 2}
      propertyPath: m_LocalRotation.w
      value: 1
      objectReference: {fileID: 0}
    - target: {fileID: 4054049076584778, guid: dc450ef24c554274d87fed7aa64e7d9e, type: 2}
      propertyPath: m_RootOrder
      value: 10
      objectReference: {fileID: 0}
    - target: {fileID: 1662662421229874, guid: dc450ef24c554274d87fed7aa64e7d9e, type: 2}
      propertyPath: m_Name
      value: Wall (5)
      objectReference: {fileID: 0}
    - target: {fileID: 4054049076584778, guid: dc450ef24c554274d87fed7aa64e7d9e, type: 2}
      propertyPath: m_LocalScale.x
      value: 8.621089
      objectReference: {fileID: 0}
    - target: {fileID: 4054049076584778, guid: dc450ef24c554274d87fed7aa64e7d9e, type: 2}
      propertyPath: m_LocalScale.y
      value: 61.556095
      objectReference: {fileID: 0}
    m_RemovedComponents: []
  m_ParentPrefab: {fileID: 100100000, guid: dc450ef24c554274d87fed7aa64e7d9e, type: 2}
  m_IsPrefabParent: 0
--- !u!1001 &106590099
Prefab:
  m_ObjectHideFlags: 0
  serializedVersion: 2
  m_Modification:
    m_TransformParent: {fileID: 1863909918}
    m_Modifications:
    - target: {fileID: 4054049076584778, guid: dc450ef24c554274d87fed7aa64e7d9e, type: 2}
      propertyPath: m_LocalPosition.x
      value: 31.5
      objectReference: {fileID: 0}
    - target: {fileID: 4054049076584778, guid: dc450ef24c554274d87fed7aa64e7d9e, type: 2}
      propertyPath: m_LocalPosition.y
      value: 11.8
      objectReference: {fileID: 0}
    - target: {fileID: 4054049076584778, guid: dc450ef24c554274d87fed7aa64e7d9e, type: 2}
      propertyPath: m_LocalPosition.z
      value: 0
      objectReference: {fileID: 0}
    - target: {fileID: 4054049076584778, guid: dc450ef24c554274d87fed7aa64e7d9e, type: 2}
      propertyPath: m_LocalRotation.x
      value: -0
      objectReference: {fileID: 0}
    - target: {fileID: 4054049076584778, guid: dc450ef24c554274d87fed7aa64e7d9e, type: 2}
      propertyPath: m_LocalRotation.y
      value: -0
      objectReference: {fileID: 0}
    - target: {fileID: 4054049076584778, guid: dc450ef24c554274d87fed7aa64e7d9e, type: 2}
      propertyPath: m_LocalRotation.z
      value: -0
      objectReference: {fileID: 0}
    - target: {fileID: 4054049076584778, guid: dc450ef24c554274d87fed7aa64e7d9e, type: 2}
      propertyPath: m_LocalRotation.w
      value: 1
      objectReference: {fileID: 0}
    - target: {fileID: 4054049076584778, guid: dc450ef24c554274d87fed7aa64e7d9e, type: 2}
      propertyPath: m_RootOrder
      value: 8
      objectReference: {fileID: 0}
    - target: {fileID: 4054049076584778, guid: dc450ef24c554274d87fed7aa64e7d9e, type: 2}
      propertyPath: m_LocalScale.x
      value: 7.1643877
      objectReference: {fileID: 0}
    - target: {fileID: 4054049076584778, guid: dc450ef24c554274d87fed7aa64e7d9e, type: 2}
      propertyPath: m_LocalScale.y
      value: 62.284447
      objectReference: {fileID: 0}
    - target: {fileID: 1662662421229874, guid: dc450ef24c554274d87fed7aa64e7d9e, type: 2}
      propertyPath: m_Name
      value: Wall (6)
      objectReference: {fileID: 0}
    m_RemovedComponents: []
  m_ParentPrefab: {fileID: 100100000, guid: dc450ef24c554274d87fed7aa64e7d9e, type: 2}
  m_IsPrefabParent: 0
--- !u!1001 &146030137
Prefab:
  m_ObjectHideFlags: 0
  serializedVersion: 2
  m_Modification:
    m_TransformParent: {fileID: 1863909918}
    m_Modifications:
    - target: {fileID: 4054049076584778, guid: dc450ef24c554274d87fed7aa64e7d9e, type: 2}
      propertyPath: m_LocalPosition.x
      value: 313.8
      objectReference: {fileID: 0}
    - target: {fileID: 4054049076584778, guid: dc450ef24c554274d87fed7aa64e7d9e, type: 2}
      propertyPath: m_LocalPosition.y
      value: -1.94
      objectReference: {fileID: 0}
    - target: {fileID: 4054049076584778, guid: dc450ef24c554274d87fed7aa64e7d9e, type: 2}
      propertyPath: m_LocalPosition.z
      value: 0
      objectReference: {fileID: 0}
    - target: {fileID: 4054049076584778, guid: dc450ef24c554274d87fed7aa64e7d9e, type: 2}
      propertyPath: m_LocalRotation.x
      value: -0
      objectReference: {fileID: 0}
    - target: {fileID: 4054049076584778, guid: dc450ef24c554274d87fed7aa64e7d9e, type: 2}
      propertyPath: m_LocalRotation.y
      value: -0
      objectReference: {fileID: 0}
    - target: {fileID: 4054049076584778, guid: dc450ef24c554274d87fed7aa64e7d9e, type: 2}
      propertyPath: m_LocalRotation.z
      value: -0
      objectReference: {fileID: 0}
    - target: {fileID: 4054049076584778, guid: dc450ef24c554274d87fed7aa64e7d9e, type: 2}
      propertyPath: m_LocalRotation.w
      value: 1
      objectReference: {fileID: 0}
    - target: {fileID: 4054049076584778, guid: dc450ef24c554274d87fed7aa64e7d9e, type: 2}
      propertyPath: m_RootOrder
      value: 2
      objectReference: {fileID: 0}
    - target: {fileID: 1662662421229874, guid: dc450ef24c554274d87fed7aa64e7d9e, type: 2}
      propertyPath: m_Name
      value: Wall (8)
      objectReference: {fileID: 0}
    - target: {fileID: 4054049076584778, guid: dc450ef24c554274d87fed7aa64e7d9e, type: 2}
      propertyPath: m_LocalScale.x
      value: 101.32144
      objectReference: {fileID: 0}
    - target: {fileID: 4054049076584778, guid: dc450ef24c554274d87fed7aa64e7d9e, type: 2}
      propertyPath: m_LocalScale.y
      value: 88.22339
      objectReference: {fileID: 0}
    m_RemovedComponents: []
  m_ParentPrefab: {fileID: 100100000, guid: dc450ef24c554274d87fed7aa64e7d9e, type: 2}
  m_IsPrefabParent: 0
--- !u!1001 &173395893
Prefab:
  m_ObjectHideFlags: 0
  serializedVersion: 2
  m_Modification:
    m_TransformParent: {fileID: 1863909918}
    m_Modifications:
    - target: {fileID: 4054049076584778, guid: dc450ef24c554274d87fed7aa64e7d9e, type: 2}
      propertyPath: m_LocalPosition.x
      value: 101.34
      objectReference: {fileID: 0}
    - target: {fileID: 4054049076584778, guid: dc450ef24c554274d87fed7aa64e7d9e, type: 2}
      propertyPath: m_LocalPosition.y
      value: 72.18
      objectReference: {fileID: 0}
    - target: {fileID: 4054049076584778, guid: dc450ef24c554274d87fed7aa64e7d9e, type: 2}
      propertyPath: m_LocalPosition.z
      value: 0
      objectReference: {fileID: 0}
    - target: {fileID: 4054049076584778, guid: dc450ef24c554274d87fed7aa64e7d9e, type: 2}
      propertyPath: m_LocalRotation.x
      value: -0
      objectReference: {fileID: 0}
    - target: {fileID: 4054049076584778, guid: dc450ef24c554274d87fed7aa64e7d9e, type: 2}
      propertyPath: m_LocalRotation.y
      value: -0
      objectReference: {fileID: 0}
    - target: {fileID: 4054049076584778, guid: dc450ef24c554274d87fed7aa64e7d9e, type: 2}
      propertyPath: m_LocalRotation.z
      value: -0
      objectReference: {fileID: 0}
    - target: {fileID: 4054049076584778, guid: dc450ef24c554274d87fed7aa64e7d9e, type: 2}
      propertyPath: m_LocalRotation.w
      value: 1
      objectReference: {fileID: 0}
    - target: {fileID: 4054049076584778, guid: dc450ef24c554274d87fed7aa64e7d9e, type: 2}
      propertyPath: m_RootOrder
      value: 5
      objectReference: {fileID: 0}
    - target: {fileID: 4054049076584778, guid: dc450ef24c554274d87fed7aa64e7d9e, type: 2}
      propertyPath: m_LocalScale.x
      value: 7.9522257
      objectReference: {fileID: 0}
    - target: {fileID: 4054049076584778, guid: dc450ef24c554274d87fed7aa64e7d9e, type: 2}
      propertyPath: m_LocalScale.y
      value: 56.06447
      objectReference: {fileID: 0}
    - target: {fileID: 1662662421229874, guid: dc450ef24c554274d87fed7aa64e7d9e, type: 2}
      propertyPath: m_Name
      value: Wall (12)
      objectReference: {fileID: 0}
    m_RemovedComponents: []
  m_ParentPrefab: {fileID: 100100000, guid: dc450ef24c554274d87fed7aa64e7d9e, type: 2}
  m_IsPrefabParent: 0
--- !u!1001 &356525995
Prefab:
  m_ObjectHideFlags: 0
  serializedVersion: 2
  m_Modification:
    m_TransformParent: {fileID: 0}
    m_Modifications:
    - target: {fileID: 4371166760614516, guid: 040c9b180b947ab48a88aa352d857f98, type: 2}
      propertyPath: m_LocalPosition.x
      value: 0
      objectReference: {fileID: 0}
    - target: {fileID: 4371166760614516, guid: 040c9b180b947ab48a88aa352d857f98, type: 2}
      propertyPath: m_LocalPosition.y
      value: 0
      objectReference: {fileID: 0}
    - target: {fileID: 4371166760614516, guid: 040c9b180b947ab48a88aa352d857f98, type: 2}
      propertyPath: m_LocalPosition.z
      value: 0
      objectReference: {fileID: 0}
    - target: {fileID: 4371166760614516, guid: 040c9b180b947ab48a88aa352d857f98, type: 2}
      propertyPath: m_LocalRotation.x
      value: 0
      objectReference: {fileID: 0}
    - target: {fileID: 4371166760614516, guid: 040c9b180b947ab48a88aa352d857f98, type: 2}
      propertyPath: m_LocalRotation.y
      value: 0
      objectReference: {fileID: 0}
    - target: {fileID: 4371166760614516, guid: 040c9b180b947ab48a88aa352d857f98, type: 2}
      propertyPath: m_LocalRotation.z
      value: 0
      objectReference: {fileID: 0}
    - target: {fileID: 4371166760614516, guid: 040c9b180b947ab48a88aa352d857f98, type: 2}
      propertyPath: m_LocalRotation.w
      value: 1
      objectReference: {fileID: 0}
    - target: {fileID: 4371166760614516, guid: 040c9b180b947ab48a88aa352d857f98, type: 2}
      propertyPath: m_RootOrder
      value: 5
      objectReference: {fileID: 0}
    - target: {fileID: 1123799032928504, guid: 040c9b180b947ab48a88aa352d857f98, type: 2}
      propertyPath: m_Name
      value: TeleportLevels
      objectReference: {fileID: 0}
    m_RemovedComponents: []
  m_ParentPrefab: {fileID: 100100000, guid: 040c9b180b947ab48a88aa352d857f98, type: 2}
  m_IsPrefabParent: 0
--- !u!4 &356525996 stripped
Transform:
  m_PrefabParentObject: {fileID: 4371166760614516, guid: 040c9b180b947ab48a88aa352d857f98,
    type: 2}
  m_PrefabInternal: {fileID: 356525995}
--- !u!1001 &624689688
Prefab:
  m_ObjectHideFlags: 0
  serializedVersion: 2
  m_Modification:
    m_TransformParent: {fileID: 1863909918}
    m_Modifications:
    - target: {fileID: 4054049076584778, guid: dc450ef24c554274d87fed7aa64e7d9e, type: 2}
      propertyPath: m_LocalPosition.x
      value: 51.86
      objectReference: {fileID: 0}
    - target: {fileID: 4054049076584778, guid: dc450ef24c554274d87fed7aa64e7d9e, type: 2}
      propertyPath: m_LocalPosition.y
      value: -17.99
      objectReference: {fileID: 0}
    - target: {fileID: 4054049076584778, guid: dc450ef24c554274d87fed7aa64e7d9e, type: 2}
      propertyPath: m_LocalPosition.z
      value: 0
      objectReference: {fileID: 0}
    - target: {fileID: 4054049076584778, guid: dc450ef24c554274d87fed7aa64e7d9e, type: 2}
      propertyPath: m_LocalRotation.x
      value: -0
      objectReference: {fileID: 0}
    - target: {fileID: 4054049076584778, guid: dc450ef24c554274d87fed7aa64e7d9e, type: 2}
      propertyPath: m_LocalRotation.y
      value: -0
      objectReference: {fileID: 0}
    - target: {fileID: 4054049076584778, guid: dc450ef24c554274d87fed7aa64e7d9e, type: 2}
      propertyPath: m_LocalRotation.z
      value: -0
      objectReference: {fileID: 0}
    - target: {fileID: 4054049076584778, guid: dc450ef24c554274d87fed7aa64e7d9e, type: 2}
      propertyPath: m_LocalRotation.w
      value: 1
      objectReference: {fileID: 0}
    - target: {fileID: 4054049076584778, guid: dc450ef24c554274d87fed7aa64e7d9e, type: 2}
      propertyPath: m_RootOrder
      value: 11
      objectReference: {fileID: 0}
    - target: {fileID: 4054049076584778, guid: dc450ef24c554274d87fed7aa64e7d9e, type: 2}
      propertyPath: m_LocalScale.x
      value: 47.789658
      objectReference: {fileID: 0}
    - target: {fileID: 4054049076584778, guid: dc450ef24c554274d87fed7aa64e7d9e, type: 2}
      propertyPath: m_LocalScale.y
      value: 6.416951
      objectReference: {fileID: 0}
    - target: {fileID: 1662662421229874, guid: dc450ef24c554274d87fed7aa64e7d9e, type: 2}
      propertyPath: m_Name
      value: Wall (4)
      objectReference: {fileID: 0}
    m_RemovedComponents: []
  m_ParentPrefab: {fileID: 100100000, guid: dc450ef24c554274d87fed7aa64e7d9e, type: 2}
  m_IsPrefabParent: 0
--- !u!1001 &741896445
Prefab:
  m_ObjectHideFlags: 0
  serializedVersion: 2
  m_Modification:
    m_TransformParent: {fileID: 1863909918}
    m_Modifications:
    - target: {fileID: 4054049076584778, guid: dc450ef24c554274d87fed7aa64e7d9e, type: 2}
      propertyPath: m_LocalPosition.x
      value: 18.53
      objectReference: {fileID: 0}
    - target: {fileID: 4054049076584778, guid: dc450ef24c554274d87fed7aa64e7d9e, type: 2}
      propertyPath: m_LocalPosition.y
      value: 42
      objectReference: {fileID: 0}
    - target: {fileID: 4054049076584778, guid: dc450ef24c554274d87fed7aa64e7d9e, type: 2}
      propertyPath: m_LocalPosition.z
      value: 0
      objectReference: {fileID: 0}
    - target: {fileID: 4054049076584778, guid: dc450ef24c554274d87fed7aa64e7d9e, type: 2}
      propertyPath: m_LocalRotation.x
      value: -0
      objectReference: {fileID: 0}
    - target: {fileID: 4054049076584778, guid: dc450ef24c554274d87fed7aa64e7d9e, type: 2}
      propertyPath: m_LocalRotation.y
      value: -0
      objectReference: {fileID: 0}
    - target: {fileID: 4054049076584778, guid: dc450ef24c554274d87fed7aa64e7d9e, type: 2}
      propertyPath: m_LocalRotation.z
      value: -0
      objectReference: {fileID: 0}
    - target: {fileID: 4054049076584778, guid: dc450ef24c554274d87fed7aa64e7d9e, type: 2}
      propertyPath: m_LocalRotation.w
      value: 1
      objectReference: {fileID: 0}
    - target: {fileID: 4054049076584778, guid: dc450ef24c554274d87fed7aa64e7d9e, type: 2}
      propertyPath: m_RootOrder
      value: 1
      objectReference: {fileID: 0}
    - target: {fileID: 4054049076584778, guid: dc450ef24c554274d87fed7aa64e7d9e, type: 2}
      propertyPath: m_LocalScale.x
      value: 173.4281
      objectReference: {fileID: 0}
    - target: {fileID: 4054049076584778, guid: dc450ef24c554274d87fed7aa64e7d9e, type: 2}
      propertyPath: m_LocalScale.y
      value: 9.258888
      objectReference: {fileID: 0}
    - target: {fileID: 1662662421229874, guid: dc450ef24c554274d87fed7aa64e7d9e, type: 2}
      propertyPath: m_Name
      value: Wall (2)
      objectReference: {fileID: 0}
    m_RemovedComponents: []
  m_ParentPrefab: {fileID: 100100000, guid: dc450ef24c554274d87fed7aa64e7d9e, type: 2}
  m_IsPrefabParent: 0
--- !u!1001 &798601420
Prefab:
  m_ObjectHideFlags: 0
  serializedVersion: 2
  m_Modification:
    m_TransformParent: {fileID: 1863909918}
    m_Modifications:
    - target: {fileID: 4054049076584778, guid: dc450ef24c554274d87fed7aa64e7d9e, type: 2}
      propertyPath: m_LocalPosition.x
      value: -64.37
      objectReference: {fileID: 0}
    - target: {fileID: 4054049076584778, guid: dc450ef24c554274d87fed7aa64e7d9e, type: 2}
      propertyPath: m_LocalPosition.y
      value: 56.75
      objectReference: {fileID: 0}
    - target: {fileID: 4054049076584778, guid: dc450ef24c554274d87fed7aa64e7d9e, type: 2}
      propertyPath: m_LocalPosition.z
      value: 0
      objectReference: {fileID: 0}
    - target: {fileID: 4054049076584778, guid: dc450ef24c554274d87fed7aa64e7d9e, type: 2}
      propertyPath: m_LocalRotation.x
      value: -0
      objectReference: {fileID: 0}
    - target: {fileID: 4054049076584778, guid: dc450ef24c554274d87fed7aa64e7d9e, type: 2}
      propertyPath: m_LocalRotation.y
      value: -0
      objectReference: {fileID: 0}
    - target: {fileID: 4054049076584778, guid: dc450ef24c554274d87fed7aa64e7d9e, type: 2}
      propertyPath: m_LocalRotation.z
      value: -0
      objectReference: {fileID: 0}
    - target: {fileID: 4054049076584778, guid: dc450ef24c554274d87fed7aa64e7d9e, type: 2}
      propertyPath: m_LocalRotation.w
      value: 1
      objectReference: {fileID: 0}
    - target: {fileID: 4054049076584778, guid: dc450ef24c554274d87fed7aa64e7d9e, type: 2}
      propertyPath: m_RootOrder
      value: 12
      objectReference: {fileID: 0}
    - target: {fileID: 1662662421229874, guid: dc450ef24c554274d87fed7aa64e7d9e, type: 2}
      propertyPath: m_Name
      value: Wall (1)
      objectReference: {fileID: 0}
    - target: {fileID: 4054049076584778, guid: dc450ef24c554274d87fed7aa64e7d9e, type: 2}
      propertyPath: m_LocalScale.x
      value: 8.369133
      objectReference: {fileID: 0}
    - target: {fileID: 4054049076584778, guid: dc450ef24c554274d87fed7aa64e7d9e, type: 2}
      propertyPath: m_LocalScale.y
      value: 215.3917
      objectReference: {fileID: 0}
    m_RemovedComponents: []
  m_ParentPrefab: {fileID: 100100000, guid: dc450ef24c554274d87fed7aa64e7d9e, type: 2}
  m_IsPrefabParent: 0
--- !u!1001 &1066987512
Prefab:
  m_ObjectHideFlags: 0
  serializedVersion: 2
  m_Modification:
    m_TransformParent: {fileID: 1622957570}
    m_Modifications:
    - target: {fileID: 4058883417729546, guid: f79db7f2465e24e4888fc6399aee09f6, type: 2}
      propertyPath: m_LocalPosition.x
      value: 212.1
      objectReference: {fileID: 0}
    - target: {fileID: 4058883417729546, guid: f79db7f2465e24e4888fc6399aee09f6, type: 2}
      propertyPath: m_LocalPosition.y
      value: -39.8
      objectReference: {fileID: 0}
    - target: {fileID: 4058883417729546, guid: f79db7f2465e24e4888fc6399aee09f6, type: 2}
      propertyPath: m_LocalPosition.z
      value: 0
      objectReference: {fileID: 0}
    - target: {fileID: 4058883417729546, guid: f79db7f2465e24e4888fc6399aee09f6, type: 2}
      propertyPath: m_LocalRotation.x
      value: -0
      objectReference: {fileID: 0}
    - target: {fileID: 4058883417729546, guid: f79db7f2465e24e4888fc6399aee09f6, type: 2}
      propertyPath: m_LocalRotation.y
      value: -0
      objectReference: {fileID: 0}
    - target: {fileID: 4058883417729546, guid: f79db7f2465e24e4888fc6399aee09f6, type: 2}
      propertyPath: m_LocalRotation.z
      value: -0
      objectReference: {fileID: 0}
    - target: {fileID: 4058883417729546, guid: f79db7f2465e24e4888fc6399aee09f6, type: 2}
      propertyPath: m_LocalRotation.w
      value: 1
      objectReference: {fileID: 0}
    - target: {fileID: 4058883417729546, guid: f79db7f2465e24e4888fc6399aee09f6, type: 2}
      propertyPath: m_RootOrder
      value: 2
      objectReference: {fileID: 0}
    - target: {fileID: 1202023069112014, guid: f79db7f2465e24e4888fc6399aee09f6, type: 2}
      propertyPath: m_Name
      value: TextMesh (2)
      objectReference: {fileID: 0}
    - target: {fileID: 102646788442578012, guid: f79db7f2465e24e4888fc6399aee09f6,
        type: 2}
      propertyPath: m_Text
      value: Maybe you can jump twice?
      objectReference: {fileID: 0}
    - target: {fileID: 102646788442578012, guid: f79db7f2465e24e4888fc6399aee09f6,
        type: 2}
      propertyPath: m_FontSize
      value: 40
      objectReference: {fileID: 0}
    m_RemovedComponents: []
  m_ParentPrefab: {fileID: 100100000, guid: f79db7f2465e24e4888fc6399aee09f6, type: 2}
  m_IsPrefabParent: 0
--- !u!1001 &1127448962
Prefab:
  m_ObjectHideFlags: 0
  serializedVersion: 2
  m_Modification:
    m_TransformParent: {fileID: 1863909918}
    m_Modifications:
    - target: {fileID: 4054049076584778, guid: dc450ef24c554274d87fed7aa64e7d9e, type: 2}
      propertyPath: m_LocalPosition.x
      value: 147.79
      objectReference: {fileID: 0}
    - target: {fileID: 4054049076584778, guid: dc450ef24c554274d87fed7aa64e7d9e, type: 2}
      propertyPath: m_LocalPosition.y
      value: 159.6
      objectReference: {fileID: 0}
    - target: {fileID: 4054049076584778, guid: dc450ef24c554274d87fed7aa64e7d9e, type: 2}
      propertyPath: m_LocalPosition.z
      value: 0
      objectReference: {fileID: 0}
    - target: {fileID: 4054049076584778, guid: dc450ef24c554274d87fed7aa64e7d9e, type: 2}
      propertyPath: m_LocalRotation.x
      value: -0
      objectReference: {fileID: 0}
    - target: {fileID: 4054049076584778, guid: dc450ef24c554274d87fed7aa64e7d9e, type: 2}
      propertyPath: m_LocalRotation.y
      value: -0
      objectReference: {fileID: 0}
    - target: {fileID: 4054049076584778, guid: dc450ef24c554274d87fed7aa64e7d9e, type: 2}
      propertyPath: m_LocalRotation.z
      value: -0
      objectReference: {fileID: 0}
    - target: {fileID: 4054049076584778, guid: dc450ef24c554274d87fed7aa64e7d9e, type: 2}
      propertyPath: m_LocalRotation.w
      value: 1
      objectReference: {fileID: 0}
    - target: {fileID: 4054049076584778, guid: dc450ef24c554274d87fed7aa64e7d9e, type: 2}
      propertyPath: m_RootOrder
      value: 7
      objectReference: {fileID: 0}
    - target: {fileID: 4054049076584778, guid: dc450ef24c554274d87fed7aa64e7d9e, type: 2}
      propertyPath: m_LocalScale.x
      value: 432.8158
      objectReference: {fileID: 0}
    - target: {fileID: 4054049076584778, guid: dc450ef24c554274d87fed7aa64e7d9e, type: 2}
      propertyPath: m_LocalScale.y
      value: 9.561021
      objectReference: {fileID: 0}
    - target: {fileID: 1662662421229874, guid: dc450ef24c554274d87fed7aa64e7d9e, type: 2}
      propertyPath: m_Name
      value: Wall (10)
      objectReference: {fileID: 0}
    m_RemovedComponents: []
  m_ParentPrefab: {fileID: 100100000, guid: dc450ef24c554274d87fed7aa64e7d9e, type: 2}
  m_IsPrefabParent: 0
--- !u!1001 &1133377574
Prefab:
  m_ObjectHideFlags: 0
  serializedVersion: 2
  m_Modification:
    m_TransformParent: {fileID: 1863909918}
    m_Modifications:
    - target: {fileID: 4054049076584778, guid: dc450ef24c554274d87fed7aa64e7d9e, type: 2}
      propertyPath: m_LocalPosition.x
      value: 147.77
      objectReference: {fileID: 0}
    - target: {fileID: 4054049076584778, guid: dc450ef24c554274d87fed7aa64e7d9e, type: 2}
      propertyPath: m_LocalPosition.y
      value: -116.93
      objectReference: {fileID: 0}
    - target: {fileID: 4054049076584778, guid: dc450ef24c554274d87fed7aa64e7d9e, type: 2}
      propertyPath: m_LocalPosition.z
      value: 0
      objectReference: {fileID: 0}
    - target: {fileID: 4054049076584778, guid: dc450ef24c554274d87fed7aa64e7d9e, type: 2}
      propertyPath: m_LocalRotation.x
      value: -0
      objectReference: {fileID: 0}
    - target: {fileID: 4054049076584778, guid: dc450ef24c554274d87fed7aa64e7d9e, type: 2}
      propertyPath: m_LocalRotation.y
      value: -0
      objectReference: {fileID: 0}
    - target: {fileID: 4054049076584778, guid: dc450ef24c554274d87fed7aa64e7d9e, type: 2}
      propertyPath: m_LocalRotation.z
      value: -0
      objectReference: {fileID: 0}
    - target: {fileID: 4054049076584778, guid: dc450ef24c554274d87fed7aa64e7d9e, type: 2}
      propertyPath: m_LocalRotation.w
      value: 1
      objectReference: {fileID: 0}
    - target: {fileID: 4054049076584778, guid: dc450ef24c554274d87fed7aa64e7d9e, type: 2}
      propertyPath: m_RootOrder
      value: 0
      objectReference: {fileID: 0}
    - target: {fileID: 4054049076584778, guid: dc450ef24c554274d87fed7aa64e7d9e, type: 2}
      propertyPath: m_LocalScale.x
      value: 432.55243
      objectReference: {fileID: 0}
    - target: {fileID: 4054049076584778, guid: dc450ef24c554274d87fed7aa64e7d9e, type: 2}
      propertyPath: m_LocalScale.y
      value: 142.44864
      objectReference: {fileID: 0}
    m_RemovedComponents: []
  m_ParentPrefab: {fileID: 100100000, guid: dc450ef24c554274d87fed7aa64e7d9e, type: 2}
  m_IsPrefabParent: 0
--- !u!1001 &1397454371
Prefab:
  m_ObjectHideFlags: 0
  serializedVersion: 2
  m_Modification:
    m_TransformParent: {fileID: 1863909918}
    m_Modifications:
    - target: {fileID: 4054049076584778, guid: dc450ef24c554274d87fed7aa64e7d9e, type: 2}
      propertyPath: m_LocalPosition.x
      value: -3
      objectReference: {fileID: 0}
    - target: {fileID: 4054049076584778, guid: dc450ef24c554274d87fed7aa64e7d9e, type: 2}
      propertyPath: m_LocalPosition.y
      value: -26.7
      objectReference: {fileID: 0}
    - target: {fileID: 4054049076584778, guid: dc450ef24c554274d87fed7aa64e7d9e, type: 2}
      propertyPath: m_LocalPosition.z
      value: 0
      objectReference: {fileID: 0}
    - target: {fileID: 4054049076584778, guid: dc450ef24c554274d87fed7aa64e7d9e, type: 2}
      propertyPath: m_LocalRotation.x
      value: -0
      objectReference: {fileID: 0}
    - target: {fileID: 4054049076584778, guid: dc450ef24c554274d87fed7aa64e7d9e, type: 2}
      propertyPath: m_LocalRotation.y
      value: -0
      objectReference: {fileID: 0}
    - target: {fileID: 4054049076584778, guid: dc450ef24c554274d87fed7aa64e7d9e, type: 2}
      propertyPath: m_LocalRotation.z
      value: -0
      objectReference: {fileID: 0}
    - target: {fileID: 4054049076584778, guid: dc450ef24c554274d87fed7aa64e7d9e, type: 2}
      propertyPath: m_LocalRotation.w
      value: 1
      objectReference: {fileID: 0}
    - target: {fileID: 4054049076584778, guid: dc450ef24c554274d87fed7aa64e7d9e, type: 2}
      propertyPath: m_RootOrder
      value: 6
      objectReference: {fileID: 0}
    - target: {fileID: 1662662421229874, guid: dc450ef24c554274d87fed7aa64e7d9e, type: 2}
      propertyPath: m_Name
      value: Wall (3)
      objectReference: {fileID: 0}
    - target: {fileID: 4054049076584778, guid: dc450ef24c554274d87fed7aa64e7d9e, type: 2}
      propertyPath: m_LocalScale.x
      value: 6.1410394
      objectReference: {fileID: 0}
    - target: {fileID: 4054049076584778, guid: dc450ef24c554274d87fed7aa64e7d9e, type: 2}
      propertyPath: m_LocalScale.y
      value: 38.30602
      objectReference: {fileID: 0}
    m_RemovedComponents: []
  m_ParentPrefab: {fileID: 100100000, guid: dc450ef24c554274d87fed7aa64e7d9e, type: 2}
  m_IsPrefabParent: 0
--- !u!1001 &1460036347
Prefab:
  m_ObjectHideFlags: 0
  serializedVersion: 2
  m_Modification:
    m_TransformParent: {fileID: 356525996}
    m_Modifications:
    - target: {fileID: 4192999013723664, guid: 68c3812ba1c376747b8a37f4ab1e2065, type: 2}
      propertyPath: m_LocalPosition.x
      value: 67.8
      objectReference: {fileID: 0}
    - target: {fileID: 4192999013723664, guid: 68c3812ba1c376747b8a37f4ab1e2065, type: 2}
      propertyPath: m_LocalPosition.y
      value: 58.2
      objectReference: {fileID: 0}
    - target: {fileID: 4192999013723664, guid: 68c3812ba1c376747b8a37f4ab1e2065, type: 2}
      propertyPath: m_LocalPosition.z
      value: 0
      objectReference: {fileID: 0}
    - target: {fileID: 4192999013723664, guid: 68c3812ba1c376747b8a37f4ab1e2065, type: 2}
      propertyPath: m_LocalRotation.x
      value: -0
      objectReference: {fileID: 0}
    - target: {fileID: 4192999013723664, guid: 68c3812ba1c376747b8a37f4ab1e2065, type: 2}
      propertyPath: m_LocalRotation.y
      value: -0
      objectReference: {fileID: 0}
    - target: {fileID: 4192999013723664, guid: 68c3812ba1c376747b8a37f4ab1e2065, type: 2}
      propertyPath: m_LocalRotation.z
      value: -0
      objectReference: {fileID: 0}
    - target: {fileID: 4192999013723664, guid: 68c3812ba1c376747b8a37f4ab1e2065, type: 2}
      propertyPath: m_LocalRotation.w
      value: 1
      objectReference: {fileID: 0}
    - target: {fileID: 4192999013723664, guid: 68c3812ba1c376747b8a37f4ab1e2065, type: 2}
      propertyPath: m_RootOrder
      value: 0
      objectReference: {fileID: 0}
    - target: {fileID: 4192999013723664, guid: 68c3812ba1c376747b8a37f4ab1e2065, type: 2}
      propertyPath: m_LocalScale.x
      value: 14.880597
      objectReference: {fileID: 0}
    - target: {fileID: 4192999013723664, guid: 68c3812ba1c376747b8a37f4ab1e2065, type: 2}
      propertyPath: m_LocalScale.y
      value: 23.515512
      objectReference: {fileID: 0}
    - target: {fileID: 114288323226260896, guid: 68c3812ba1c376747b8a37f4ab1e2065,
        type: 2}
      propertyPath: levelToTeleportTo
      value: tut2
      objectReference: {fileID: 0}
    m_RemovedComponents: []
  m_ParentPrefab: {fileID: 100100000, guid: 68c3812ba1c376747b8a37f4ab1e2065, type: 2}
  m_IsPrefabParent: 0
--- !u!1001 &1469885524
Prefab:
  m_ObjectHideFlags: 0
  serializedVersion: 2
  m_Modification:
    m_TransformParent: {fileID: 0}
    m_Modifications:
    - target: {fileID: 4686632327011806, guid: 63b1cdb12eea089468c978c2e6f0dbca, type: 2}
      propertyPath: m_LocalPosition.x
      value: 12.9
      objectReference: {fileID: 0}
    - target: {fileID: 4686632327011806, guid: 63b1cdb12eea089468c978c2e6f0dbca, type: 2}
      propertyPath: m_LocalPosition.y
      value: 4.1
      objectReference: {fileID: 0}
    - target: {fileID: 4686632327011806, guid: 63b1cdb12eea089468c978c2e6f0dbca, type: 2}
      propertyPath: m_LocalPosition.z
      value: -10
      objectReference: {fileID: 0}
    - target: {fileID: 4686632327011806, guid: 63b1cdb12eea089468c978c2e6f0dbca, type: 2}
      propertyPath: m_LocalRotation.x
      value: -0
      objectReference: {fileID: 0}
    - target: {fileID: 4686632327011806, guid: 63b1cdb12eea089468c978c2e6f0dbca, type: 2}
      propertyPath: m_LocalRotation.y
      value: -0
      objectReference: {fileID: 0}
    - target: {fileID: 4686632327011806, guid: 63b1cdb12eea089468c978c2e6f0dbca, type: 2}
      propertyPath: m_LocalRotation.z
      value: -0
      objectReference: {fileID: 0}
    - target: {fileID: 4686632327011806, guid: 63b1cdb12eea089468c978c2e6f0dbca, type: 2}
      propertyPath: m_LocalRotation.w
      value: 1
      objectReference: {fileID: 0}
    - target: {fileID: 4686632327011806, guid: 63b1cdb12eea089468c978c2e6f0dbca, type: 2}
      propertyPath: m_RootOrder
      value: 0
      objectReference: {fileID: 0}
    m_RemovedComponents: []
  m_ParentPrefab: {fileID: 100100000, guid: 63b1cdb12eea089468c978c2e6f0dbca, type: 2}
  m_IsPrefabParent: 0
--- !u!1001 &1524518287
Prefab:
  m_ObjectHideFlags: 0
  serializedVersion: 2
  m_Modification:
    m_TransformParent: {fileID: 0}
    m_Modifications:
    - target: {fileID: 4548243051667382, guid: f91fb0650f1c10247813d2271529a8b5, type: 2}
      propertyPath: m_LocalPosition.x
      value: -34.5
      objectReference: {fileID: 0}
    - target: {fileID: 4548243051667382, guid: f91fb0650f1c10247813d2271529a8b5, type: 2}
      propertyPath: m_LocalPosition.y
      value: -13.9
      objectReference: {fileID: 0}
    - target: {fileID: 4548243051667382, guid: f91fb0650f1c10247813d2271529a8b5, type: 2}
      propertyPath: m_LocalPosition.z
      value: 0
      objectReference: {fileID: 0}
    - target: {fileID: 4548243051667382, guid: f91fb0650f1c10247813d2271529a8b5, type: 2}
      propertyPath: m_LocalRotation.x
      value: 0
      objectReference: {fileID: 0}
    - target: {fileID: 4548243051667382, guid: f91fb0650f1c10247813d2271529a8b5, type: 2}
      propertyPath: m_LocalRotation.y
      value: 0
      objectReference: {fileID: 0}
    - target: {fileID: 4548243051667382, guid: f91fb0650f1c10247813d2271529a8b5, type: 2}
      propertyPath: m_LocalRotation.z
      value: 0
      objectReference: {fileID: 0}
    - target: {fileID: 4548243051667382, guid: f91fb0650f1c10247813d2271529a8b5, type: 2}
      propertyPath: m_LocalRotation.w
      value: 1
      objectReference: {fileID: 0}
    - target: {fileID: 4548243051667382, guid: f91fb0650f1c10247813d2271529a8b5, type: 2}
      propertyPath: m_RootOrder
      value: 2
      objectReference: {fileID: 0}
    - target: {fileID: 114122875762793966, guid: f91fb0650f1c10247813d2271529a8b5,
        type: 2}
      propertyPath: spawn
      value: 1
      objectReference: {fileID: 0}
    - target: {fileID: 114122875762793966, guid: f91fb0650f1c10247813d2271529a8b5,
        type: 2}
      propertyPath: m_Enabled
      value: 0
      objectReference: {fileID: 0}
    - target: {fileID: 114122875762793966, guid: f91fb0650f1c10247813d2271529a8b5,
        type: 2}
      propertyPath: playerPrefab
      value: 
      objectReference: {fileID: 1439939860549164, guid: 73944da1158f997479d66ffe9105795a,
        type: 2}
    m_RemovedComponents: []
  m_ParentPrefab: {fileID: 100100000, guid: f91fb0650f1c10247813d2271529a8b5, type: 2}
  m_IsPrefabParent: 0
--- !u!1001 &1604722587
Prefab:
  m_ObjectHideFlags: 0
  serializedVersion: 2
  m_Modification:
    m_TransformParent: {fileID: 1863909918}
    m_Modifications:
    - target: {fileID: 4054049076584778, guid: dc450ef24c554274d87fed7aa64e7d9e, type: 2}
      propertyPath: m_LocalPosition.x
      value: 82.96
      objectReference: {fileID: 0}
    - target: {fileID: 4054049076584778, guid: dc450ef24c554274d87fed7aa64e7d9e, type: 2}
      propertyPath: m_LocalPosition.y
      value: 103.48
      objectReference: {fileID: 0}
    - target: {fileID: 4054049076584778, guid: dc450ef24c554274d87fed7aa64e7d9e, type: 2}
      propertyPath: m_LocalPosition.z
      value: 0
      objectReference: {fileID: 0}
    - target: {fileID: 4054049076584778, guid: dc450ef24c554274d87fed7aa64e7d9e, type: 2}
      propertyPath: m_LocalRotation.x
      value: -0
      objectReference: {fileID: 0}
    - target: {fileID: 4054049076584778, guid: dc450ef24c554274d87fed7aa64e7d9e, type: 2}
      propertyPath: m_LocalRotation.y
      value: -0
      objectReference: {fileID: 0}
    - target: {fileID: 4054049076584778, guid: dc450ef24c554274d87fed7aa64e7d9e, type: 2}
      propertyPath: m_LocalRotation.z
      value: -0
      objectReference: {fileID: 0}
    - target: {fileID: 4054049076584778, guid: dc450ef24c554274d87fed7aa64e7d9e, type: 2}
      propertyPath: m_LocalRotation.w
      value: 1
      objectReference: {fileID: 0}
    - target: {fileID: 4054049076584778, guid: dc450ef24c554274d87fed7aa64e7d9e, type: 2}
      propertyPath: m_RootOrder
      value: 4
      objectReference: {fileID: 0}
    - target: {fileID: 1662662421229874, guid: dc450ef24c554274d87fed7aa64e7d9e, type: 2}
      propertyPath: m_Name
      value: Wall (11)
      objectReference: {fileID: 0}
    - target: {fileID: 4054049076584778, guid: dc450ef24c554274d87fed7aa64e7d9e, type: 2}
      propertyPath: m_LocalScale.x
      value: 167.83955
      objectReference: {fileID: 0}
    - target: {fileID: 4054049076584778, guid: dc450ef24c554274d87fed7aa64e7d9e, type: 2}
      propertyPath: m_LocalScale.y
      value: 8.266999
      objectReference: {fileID: 0}
    m_RemovedComponents: []
  m_ParentPrefab: {fileID: 100100000, guid: dc450ef24c554274d87fed7aa64e7d9e, type: 2}
  m_IsPrefabParent: 0
--- !u!1001 &1622957569
Prefab:
  m_ObjectHideFlags: 0
  serializedVersion: 2
  m_Modification:
    m_TransformParent: {fileID: 0}
    m_Modifications:
    - target: {fileID: 4260868522438280, guid: 27434a0b7290b184dbe8ca9f40935d9a, type: 2}
      propertyPath: m_LocalPosition.x
      value: 0
      objectReference: {fileID: 0}
    - target: {fileID: 4260868522438280, guid: 27434a0b7290b184dbe8ca9f40935d9a, type: 2}
      propertyPath: m_LocalPosition.y
      value: 0
      objectReference: {fileID: 0}
    - target: {fileID: 4260868522438280, guid: 27434a0b7290b184dbe8ca9f40935d9a, type: 2}
      propertyPath: m_LocalPosition.z
      value: 0
      objectReference: {fileID: 0}
    - target: {fileID: 4260868522438280, guid: 27434a0b7290b184dbe8ca9f40935d9a, type: 2}
      propertyPath: m_LocalRotation.x
      value: 0
      objectReference: {fileID: 0}
    - target: {fileID: 4260868522438280, guid: 27434a0b7290b184dbe8ca9f40935d9a, type: 2}
      propertyPath: m_LocalRotation.y
      value: 0
      objectReference: {fileID: 0}
    - target: {fileID: 4260868522438280, guid: 27434a0b7290b184dbe8ca9f40935d9a, type: 2}
      propertyPath: m_LocalRotation.z
      value: 0
      objectReference: {fileID: 0}
    - target: {fileID: 4260868522438280, guid: 27434a0b7290b184dbe8ca9f40935d9a, type: 2}
      propertyPath: m_LocalRotation.w
      value: 1
      objectReference: {fileID: 0}
    - target: {fileID: 4260868522438280, guid: 27434a0b7290b184dbe8ca9f40935d9a, type: 2}
      propertyPath: m_RootOrder
      value: 4
      objectReference: {fileID: 0}
    - target: {fileID: 1358271160261590, guid: 27434a0b7290b184dbe8ca9f40935d9a, type: 2}
      propertyPath: m_Name
      value: TextMeshs
      objectReference: {fileID: 0}
    m_RemovedComponents: []
  m_ParentPrefab: {fileID: 100100000, guid: 27434a0b7290b184dbe8ca9f40935d9a, type: 2}
  m_IsPrefabParent: 0
--- !u!4 &1622957570 stripped
Transform:
  m_PrefabParentObject: {fileID: 4260868522438280, guid: 27434a0b7290b184dbe8ca9f40935d9a,
    type: 2}
  m_PrefabInternal: {fileID: 1622957569}
--- !u!1001 &1680321547
Prefab:
  m_ObjectHideFlags: 0
  serializedVersion: 2
  m_Modification:
    m_TransformParent: {fileID: 1863909918}
    m_Modifications:
    - target: {fileID: 4054049076584778, guid: dc450ef24c554274d87fed7aa64e7d9e, type: 2}
      propertyPath: m_LocalPosition.x
      value: 359.1
      objectReference: {fileID: 0}
    - target: {fileID: 4054049076584778, guid: dc450ef24c554274d87fed7aa64e7d9e, type: 2}
      propertyPath: m_LocalPosition.y
      value: 98.1
      objectReference: {fileID: 0}
    - target: {fileID: 4054049076584778, guid: dc450ef24c554274d87fed7aa64e7d9e, type: 2}
      propertyPath: m_LocalPosition.z
      value: 0
      objectReference: {fileID: 0}
    - target: {fileID: 4054049076584778, guid: dc450ef24c554274d87fed7aa64e7d9e, type: 2}
      propertyPath: m_LocalRotation.x
      value: -0
      objectReference: {fileID: 0}
    - target: {fileID: 4054049076584778, guid: dc450ef24c554274d87fed7aa64e7d9e, type: 2}
      propertyPath: m_LocalRotation.y
      value: -0
      objectReference: {fileID: 0}
    - target: {fileID: 4054049076584778, guid: dc450ef24c554274d87fed7aa64e7d9e, type: 2}
      propertyPath: m_LocalRotation.z
      value: -0
      objectReference: {fileID: 0}
    - target: {fileID: 4054049076584778, guid: dc450ef24c554274d87fed7aa64e7d9e, type: 2}
      propertyPath: m_LocalRotation.w
      value: 1
      objectReference: {fileID: 0}
    - target: {fileID: 4054049076584778, guid: dc450ef24c554274d87fed7aa64e7d9e, type: 2}
      propertyPath: m_RootOrder
      value: 9
      objectReference: {fileID: 0}
    - target: {fileID: 1662662421229874, guid: dc450ef24c554274d87fed7aa64e7d9e, type: 2}
      propertyPath: m_Name
      value: Wall (9)
      objectReference: {fileID: 0}
    - target: {fileID: 4054049076584778, guid: dc450ef24c554274d87fed7aa64e7d9e, type: 2}
      propertyPath: m_LocalScale.x
      value: 10.809584
      objectReference: {fileID: 0}
    - target: {fileID: 4054049076584778, guid: dc450ef24c554274d87fed7aa64e7d9e, type: 2}
      propertyPath: m_LocalScale.y
      value: 122.48193
      objectReference: {fileID: 0}
    m_RemovedComponents: []
  m_ParentPrefab: {fileID: 100100000, guid: dc450ef24c554274d87fed7aa64e7d9e, type: 2}
  m_IsPrefabParent: 0
--- !u!1001 &1863909917
Prefab:
  m_ObjectHideFlags: 0
  serializedVersion: 2
  m_Modification:
    m_TransformParent: {fileID: 0}
    m_Modifications:
    - target: {fileID: 4943532379286828, guid: 48cbe683b5b3b174b9d8cf4cf2bfeb5a, type: 2}
      propertyPath: m_LocalPosition.x
      value: 0
      objectReference: {fileID: 0}
    - target: {fileID: 4943532379286828, guid: 48cbe683b5b3b174b9d8cf4cf2bfeb5a, type: 2}
      propertyPath: m_LocalPosition.y
      value: 0
      objectReference: {fileID: 0}
    - target: {fileID: 4943532379286828, guid: 48cbe683b5b3b174b9d8cf4cf2bfeb5a, type: 2}
      propertyPath: m_LocalPosition.z
      value: 0
      objectReference: {fileID: 0}
    - target: {fileID: 4943532379286828, guid: 48cbe683b5b3b174b9d8cf4cf2bfeb5a, type: 2}
      propertyPath: m_LocalRotation.x
      value: 0
      objectReference: {fileID: 0}
    - target: {fileID: 4943532379286828, guid: 48cbe683b5b3b174b9d8cf4cf2bfeb5a, type: 2}
      propertyPath: m_LocalRotation.y
      value: 0
      objectReference: {fileID: 0}
    - target: {fileID: 4943532379286828, guid: 48cbe683b5b3b174b9d8cf4cf2bfeb5a, type: 2}
      propertyPath: m_LocalRotation.z
      value: 0
      objectReference: {fileID: 0}
    - target: {fileID: 4943532379286828, guid: 48cbe683b5b3b174b9d8cf4cf2bfeb5a, type: 2}
      propertyPath: m_LocalRotation.w
      value: 1
      objectReference: {fileID: 0}
    - target: {fileID: 4943532379286828, guid: 48cbe683b5b3b174b9d8cf4cf2bfeb5a, type: 2}
      propertyPath: m_RootOrder
      value: 3
      objectReference: {fileID: 0}
    - target: {fileID: 1138503695003676, guid: 48cbe683b5b3b174b9d8cf4cf2bfeb5a, type: 2}
      propertyPath: m_Name
      value: Walls
      objectReference: {fileID: 0}
    m_RemovedComponents: []
  m_ParentPrefab: {fileID: 100100000, guid: 48cbe683b5b3b174b9d8cf4cf2bfeb5a, type: 2}
  m_IsPrefabParent: 0
--- !u!4 &1863909918 stripped
Transform:
  m_PrefabParentObject: {fileID: 4943532379286828, guid: 48cbe683b5b3b174b9d8cf4cf2bfeb5a,
    type: 2}
  m_PrefabInternal: {fileID: 1863909917}
--- !u!1001 &1901408450
Prefab:
  m_ObjectHideFlags: 0
  serializedVersion: 2
  m_Modification:
    m_TransformParent: {fileID: 0}
    m_Modifications:
    - target: {fileID: 4206878471095272, guid: b7abcbc372b1708478fbc661bbd6913a, type: 2}
      propertyPath: m_LocalPosition.x
      value: 0
      objectReference: {fileID: 0}
    - target: {fileID: 4206878471095272, guid: b7abcbc372b1708478fbc661bbd6913a, type: 2}
      propertyPath: m_LocalPosition.y
      value: 0
      objectReference: {fileID: 0}
    - target: {fileID: 4206878471095272, guid: b7abcbc372b1708478fbc661bbd6913a, type: 2}
      propertyPath: m_LocalPosition.z
      value: 0
      objectReference: {fileID: 0}
    - target: {fileID: 4206878471095272, guid: b7abcbc372b1708478fbc661bbd6913a, type: 2}
      propertyPath: m_LocalRotation.x
      value: 0
      objectReference: {fileID: 0}
    - target: {fileID: 4206878471095272, guid: b7abcbc372b1708478fbc661bbd6913a, type: 2}
      propertyPath: m_LocalRotation.y
      value: 0
      objectReference: {fileID: 0}
    - target: {fileID: 4206878471095272, guid: b7abcbc372b1708478fbc661bbd6913a, type: 2}
      propertyPath: m_LocalRotation.z
      value: 0
      objectReference: {fileID: 0}
    - target: {fileID: 4206878471095272, guid: b7abcbc372b1708478fbc661bbd6913a, type: 2}
      propertyPath: m_LocalRotation.w
      value: 1
      objectReference: {fileID: 0}
    - target: {fileID: 4206878471095272, guid: b7abcbc372b1708478fbc661bbd6913a, type: 2}
      propertyPath: m_RootOrder
      value: 1
      objectReference: {fileID: 0}
    m_RemovedComponents: []
  m_ParentPrefab: {fileID: 100100000, guid: b7abcbc372b1708478fbc661bbd6913a, type: 2}
  m_IsPrefabParent: 0
--- !u!1001 &1926947365
Prefab:
  m_ObjectHideFlags: 0
  serializedVersion: 2
  m_Modification:
    m_TransformParent: {fileID: 1622957570}
    m_Modifications:
    - target: {fileID: 4058883417729546, guid: f79db7f2465e24e4888fc6399aee09f6, type: 2}
      propertyPath: m_LocalPosition.x
      value: -52.5
      objectReference: {fileID: 0}
    - target: {fileID: 4058883417729546, guid: f79db7f2465e24e4888fc6399aee09f6, type: 2}
      propertyPath: m_LocalPosition.y
      value: 31.6
      objectReference: {fileID: 0}
    - target: {fileID: 4058883417729546, guid: f79db7f2465e24e4888fc6399aee09f6, type: 2}
      propertyPath: m_LocalPosition.z
      value: 0
      objectReference: {fileID: 0}
    - target: {fileID: 4058883417729546, guid: f79db7f2465e24e4888fc6399aee09f6, type: 2}
      propertyPath: m_LocalRotation.x
      value: -0
      objectReference: {fileID: 0}
    - target: {fileID: 4058883417729546, guid: f79db7f2465e24e4888fc6399aee09f6, type: 2}
      propertyPath: m_LocalRotation.y
      value: -0
      objectReference: {fileID: 0}
    - target: {fileID: 4058883417729546, guid: f79db7f2465e24e4888fc6399aee09f6, type: 2}
      propertyPath: m_LocalRotation.z
      value: -0
      objectReference: {fileID: 0}
    - target: {fileID: 4058883417729546, guid: f79db7f2465e24e4888fc6399aee09f6, type: 2}
      propertyPath: m_LocalRotation.w
      value: 1
      objectReference: {fileID: 0}
    - target: {fileID: 4058883417729546, guid: f79db7f2465e24e4888fc6399aee09f6, type: 2}
      propertyPath: m_RootOrder
      value: 0
      objectReference: {fileID: 0}
    - target: {fileID: 102646788442578012, guid: f79db7f2465e24e4888fc6399aee09f6,
        type: 2}
      propertyPath: m_Text
      value: Let the adventure begin!
      objectReference: {fileID: 0}
    - target: {fileID: 102646788442578012, guid: f79db7f2465e24e4888fc6399aee09f6,
        type: 2}
      propertyPath: m_FontSize
      value: 70
      objectReference: {fileID: 0}
    m_RemovedComponents: []
  m_ParentPrefab: {fileID: 100100000, guid: f79db7f2465e24e4888fc6399aee09f6, type: 2}
  m_IsPrefabParent: 0
--- !u!1001 &2033086511
Prefab:
  m_ObjectHideFlags: 0
  serializedVersion: 2
  m_Modification:
    m_TransformParent: {fileID: 1622957570}
    m_Modifications:
    - target: {fileID: 4058883417729546, guid: f79db7f2465e24e4888fc6399aee09f6, type: 2}
      propertyPath: m_LocalPosition.x
      value: -42.8
      objectReference: {fileID: 0}
    - target: {fileID: 4058883417729546, guid: f79db7f2465e24e4888fc6399aee09f6, type: 2}
      propertyPath: m_LocalPosition.y
      value: 23.9
      objectReference: {fileID: 0}
    - target: {fileID: 4058883417729546, guid: f79db7f2465e24e4888fc6399aee09f6, type: 2}
      propertyPath: m_LocalPosition.z
      value: 0
      objectReference: {fileID: 0}
    - target: {fileID: 4058883417729546, guid: f79db7f2465e24e4888fc6399aee09f6, type: 2}
      propertyPath: m_LocalRotation.x
      value: -0
      objectReference: {fileID: 0}
    - target: {fileID: 4058883417729546, guid: f79db7f2465e24e4888fc6399aee09f6, type: 2}
      propertyPath: m_LocalRotation.y
      value: -0
      objectReference: {fileID: 0}
    - target: {fileID: 4058883417729546, guid: f79db7f2465e24e4888fc6399aee09f6, type: 2}
      propertyPath: m_LocalRotation.z
      value: -0
      objectReference: {fileID: 0}
    - target: {fileID: 4058883417729546, guid: f79db7f2465e24e4888fc6399aee09f6, type: 2}
      propertyPath: m_LocalRotation.w
      value: 1
      objectReference: {fileID: 0}
    - target: {fileID: 4058883417729546, guid: f79db7f2465e24e4888fc6399aee09f6, type: 2}
      propertyPath: m_RootOrder
      value: 1
      objectReference: {fileID: 0}
    - target: {fileID: 1202023069112014, guid: f79db7f2465e24e4888fc6399aee09f6, type: 2}
      propertyPath: m_Name
      value: TextMesh (1)
      objectReference: {fileID: 0}
    - target: {fileID: 102646788442578012, guid: f79db7f2465e24e4888fc6399aee09f6,
        type: 2}
      propertyPath: m_Text
      value: (amaghad deez iz d best game evaah)
      objectReference: {fileID: 0}
    - target: {fileID: 102646788442578012, guid: f79db7f2465e24e4888fc6399aee09f6,
        type: 2}
      propertyPath: m_FontSize
      value: 30
      objectReference: {fileID: 0}
    m_RemovedComponents: []
  m_ParentPrefab: {fileID: 100100000, guid: f79db7f2465e24e4888fc6399aee09f6, type: 2}
  m_IsPrefabParent: 0
